@article{lme4,
    title = {Fitting Linear Mixed-Effects Models Using {lme4}},
    author = {Bates, Douglas and M{\"a}chler, Martin and Bolker, Ben and Walker, Steve},
    journal = {Journal of Statistical Software},
    year = {2015},
    volume = {67},
    number = {1},
    pages = {1--48},
    doi = {10.18637/jss.v067.i01},
}

@article{best_perception_2007,
    title = {Perception of Linear and Nonlinear Trends: Using Slope and Curvature Information to Make Trend Discriminations},
    author = {Best, Lisa and Smith, Laurence and Stubbs, D},
    journal = {Perceptual and Motor Skills},
    volume = {104},
    number = {3},
    pages = {707--721},
    year = {2007},
    publisher = {SAGE Publications Sage CA: Los Angeles, CA},
}

@article{buja_statistical_2009,
    title = {Statistical Inference for Exploratory Data Analysis and Model Diagnostics},
    author = {Buja, Andreas and Cook, Dianne and Hofmann, Heike and Lawrence, Michael and Lee, Eun-Kyung and Swayne, Deborah and Wickham, Hadley},
    journal = {Philosophical Transactions of the Royal Society A: Mathematical, Physical and Engineering Sciences},
    volume = {367},
    number = {1906},
    pages = {4361--4383},
    year = {2009},
    publisher = {The Royal Society Publishing},
}

@manual{shiny_pkg,
    title = {shiny: Web Application Framework for R},
    author = {Winston Chang and Joe Cheng and JJ Allaire and Carson Sievert and Barret Schloerke and Yihui Xie and Jeff Allen and Jonathan McPherson and Alan Dipert and Barbara Borges},
    year = {2022},
    note = {R package version 1.7.4},
    url = {https://CRAN.R-project.org/package=shiny},
}

@inproceedings{heckler_student_2013,
    title = {Student Accuracy in Reading Logarithmic Plots: The Problem and How to Fix It},
    author = {Heckler, Andrew and Mikula, Brendon and Rosenblatt, Rebecca},
    booktitle = {2013 IEEE Frontiers in Education Conference (FIE)},
    pages = {1066--1071},
    year = {2013},
    organization = {IEEE},
}

@article{hofmann_graphical_2012,
    title = {Graphical Tests for Power Comparison of Competing Designs},
    author = {Hofmann, Heike and Follett, Lendie and Majumder, Mahbubul and Cook, Dianne},
    journal = {IEEE Transactions on Visualization and Computer Graphics},
    volume = {18},
    number = {12},
    pages = {2441--2448},
    year = {2012},
    publisher = {IEEE},
}

@manual{emmeans,
    title = {emmeans: Estimated Marginal Means, aka Least-Squares Means},
    author = {Lenth, Russell},
    year = {2021},
    note = {R package version 1.6.0},
    url = {https://CRAN.R-project.org/package=emmeans},
}

@article{loy_variations_2016,
    title = {Variations of Q--Q Plots: The Power of Our Eyes!},
    author = {Loy, Adam and Follett, Lendie and Hofmann, Heike},
    journal = {The American Statistician},
    volume = {70},
    number = {2},
    pages = {202--214},
    year = {2016},
    publisher = {Taylor \& Francis},
}

@article{loy_model_2017,
    title = {Model Choice and Diagnostics for Linear Mixed-Effects Models Using Statistics on Street Corners},
    author = {Loy, Adam and Hofmann, Heike and Cook, Dianne},
    journal = {Journal of Computational and Graphical Statistics},
    volume = {26},
    number = {3},
    pages = {478--492},
    year = {2017},
    publisher = {Taylor \& Francis},
}

@article{majumder_validation_2013,
    title = {Validation of Visual Statistical Inference, Applied to Linear Models},
    author = {Majumder, Mahbubul and Hofmann, Heike and Cook, Dianne},
    journal = {Journal of the American Statistical Association},
    volume = {108},
    number = {503},
    pages = {942--956},
    year = {2013},
    publisher = {Taylor \& Francis},
}

@article{menge_logarithmic_2018,
    title = {Logarithmic Scales in Ecological Data Presentation May Cause Misinterpretation},
    author = {Menge, Duncan and MacPherson, Anna and Bytnerowicz, Thomas and Quebbeman, Andrew and Schwartz, Naomi and Taylor, Benton and Wolf, Amelia},
    journal = {Nature Ecology \& Evolution},
    volume = {2},
    number = {9},
    pages = {1393--1402},
    year = {2018},
    publisher = {Nature Publishing Group},
}

@article{vanderplas_testing_2020,
    title = {Testing Statistical Charts: What Makes a Good Graph?},
    author = {Vanderplas, Susan and Cook, Dianne and Hofmann, Heike},
    journal = {Annual Review of Statistics and Its Application},
    volume = {7},
    pages = {61--88},
    year = {2020},
    publisher = {Annual Reviews},
}

@article{vanderplas2015spatial,
    title = {Spatial Reasoning and Data Displays},
    author = {VanderPlas, Susan and Hofmann, Heike},
    journal = {IEEE Transactions on Visualization and Computer Graphics},
    volume = {22},
    number = {1},
    pages = {459--468},
    year = {2015},
    publisher = {IEEE},
}

@article{vanderplas_clusters_2017,
    title = {Clusters Beat Trend!? Testing Feature Hierarchy in Statistical Graphics},
    author = {VanderPlas, Susan and Hofmann, Heike},
    journal = {Journal of Computational and Graphical Statistics},
    volume = {26},
    number = {2},
    pages = {231--242},
    year = {2017},
    publisher = {Taylor \& Francis},
}

@article{waddell2005comparisons,
    title = {Comparisons of Thresholds for Carcinogenicity on Linear and Logarithmic Dosage Scales},
    author = {Waddell, William},
    journal = {Human \& Experimental Toxicology},
    volume = {24},
    number = {6},
    pages = {325--332},
    year = {2005},
    publisher = {Sage Publications Sage CA: Thousand Oaks, CA},
}

@article{wickham2010graphical,
    title = {Graphical Inference for Infovis},
    author = {Wickham, Hadley and Cook, Dianne and Hofmann, Heike and Buja, Andreas},
    journal = {IEEE Transactions on Visualization and Computer Graphics},
    volume = {16},
    number = {6},
    pages = {973--979},
    year = {2010},
    publisher = {IEEE},
}

@misc{fagen-ulmschneider_2020, 
   title = {91-DIVOC}, 
   url = {https://91-divoc.com/pages/covid-visualization/}, 
   journal = {An interactive visualization of COVID-19}, 
   publisher = {University of Illinois}, 
   author = {Fagen-Ulmschneider, Wade}, 
   year = {2020}
} 

@misc{burnmurdoch_2020, 
  title = {Coronavirus Tracked: Has the Epidemic Peaked Near You?}, 
  url = {https://ig.ft.com/coronavirus-chart/?areas=eur}, 
  journal = {Coronavirus chart: see how your country compares }, 
  publisher = {Financial Times}, 
  author = {Burn-Murdoch, John and Nevitt, Caroline and Tilford, Cale and Rininsland, Andrew and Kao, Joanna and Elliott, Oliver and Lewis, Emma and Fox, Brooke and Stabe, Martin}, 
  year = {2020}
} 

@article{robinson2023you,
  title={‘You Draw It’: Implementation of Visually Fitted Trends with r2d3},
  author={Robinson, Emily A and Howard, Reka and VanderPlas, Susan},
  journal={Journal of Data Science},
  volume={21},
  number={2},
  pages={281--294},
  year={2023},
  publisher={School of Statistics, Renmin University of China}
}

@article{aisch2015you,
  title={You draw it: How family income predicts children’s college chances},
  author={Aisch, Gregor and Cox, Amanda and Quealy, Kevin},
  journal={The New York Times},
  volume={28},
  year={2015}
}

@article{robinson2022eye,
  title={Eye Fitting Straight Lines in the Modern Era},
  author={Robinson, Emily A and Howard, Reka and VanderPlas, Susan},
  journal={Journal of Computational and Graphical Statistics},
  pages={1--8},
  year={2022},
  publisher={Taylor \& Francis}
}

@article{wagenaar_misperception_1975,
  title={Misperception of exponential growth},
  author={Wagenaar, William and Sagaria, Sabato},
  journal={Perception \& Psychophysics},
  volume={18},
  number={6},
  pages={416--422},
  year={1975},
  publisher={Springer}
}

@article{cleveland_graphical_1985,
  title={Graphical perception and graphical methods for analyzing scientific data},
  author={Cleveland, William and McGill, Robert},
  journal={Science},
  volume={229},
  number={4716},
  pages={828--833},
  year={1985},
  publisher={American Association for the Advancement of Science}
}

@article{jones_polynomial_1977,
  author    = {Jones, Gregory},
  title     = {Polynomial perception of exponential growth.},
  journal   = {Perception \& Psychophysics},
  year      = {1977},
  date      = {1977-03-01},
  publisher = {Psychonomic Society},
}

@article{mackinnon_feedback_1991,
  title={Feedback and the forecasting of exponential change},
  author={MacKinnon, Andrew and Wearing, Alexander},
  journal={Acta Psychologica},
  volume={76},
  number={2},
  pages={177--191},
  year={1991},
  publisher={Elsevier}
}

@article{majumder2014human,
  title={Human factors influencing visual statistical inference},
  author={Majumder, Mahbubul and Hofmann, Heike and Cook, Dianne},
  journal={arXiv preprint arXiv:1408.1974},
  year={2014}
}

@online{vonbergmann_2021,
  author    = {Von Bergmann, Jens},
  title     = {xkcd Exponential: Public Health vs Scientists},
  year      = {2021},
  date      = {2021-03-17},
  url       = {https://github.com/mountainMath/xkcd\_exponential},
  month     = {Mar},
  journal   = {mountainMath},
  publisher = {GitHub},
}

@Manual{Rstudio,
    title = {R: A Language and Environment for Statistical Computing},
    author = {{R Core Team}},
    organization = {R Foundation for Statistical Computing},
    address = {Vienna, Austria},
    year = {2022},
    url = {https://www.R-project.org/},
  }
  
@article{wolfeWhatPreattentiveFeature2019,
	title = {What is a preattentive feature?},
	volume = {29},
	issn = {2352250X},
	url = {https://linkinghub.elsevier.com/retrieve/pii/S2352250X18301799},
	doi = {10.1016/j.copsyc.2018.11.005},
	pages = {19--26},
	journaltitle = {Current Opinion in Psychology},
	shortjournal = {Current Opinion in Psychology},
	author = {Wolfe, Jeremy M and Utochkin, Igor S},
	urldate = {2023-11-03},
	date = {2019-10},
	langid = {english},
	file = {Accepted Version:/home/susan/Nextcloud/Zotero/storage/CWA7MD78/Wolfe and Utochkin - 2019 - What is a preattentive feature.pdf:application/pdf},
}
